% Encoding: UTF-8

@InProceedings{JainACC2017,
  author       = {Jain, Achin and Behl, Madhur and Mangharam, Rahul},
  title        = {{D}ata {P}redictive {C}ontrol for building energy management},
  booktitle    = {Proceedings of the 2017 American Control Conference},
  year         = {2017},
  organization = {IEEE},
}

@InProceedings{JainCDC2017,
  author       = {Jain, Achin and Smarra, Francesco and Mangharam, Rahul},
  title        = {{D}ata {P}redictive {C}ontrol using {R}egression {T}rees and {E}nsemble {L}earning},
  booktitle    = {Proceedings of the 2017 Conference on Decision and Control},
  year         = {2017},
  organization = {IEEE},
}

@Article{Garnett2013,
  author  = {Garnett, Roman and Osborne, Michael A and Hennig, Philipp},
  title   = {Active learning of linear embeddings for Gaussian processes},
  journal = {arXiv preprint arXiv:1310.6740},
  year    = {2013},
}

@Book{Rasmussen2006,
  title     = {Gaussian processes for machine learning},
  publisher = {MIT press Cambridge},
  year      = {2006},
  author    = {Rasmussen, Carl Edward and Williams, Christopher KI},
  volume    = {1},
}

@Article{Rasmussen2010,
  author  = {Rasmussen, Carl Edward and Nickisch, Hannes},
  title   = {Gaussian processes for machine learning (GPML) toolbox},
  journal = {Journal of Machine Learning Research},
  year    = {2010},
  volume  = {11},
  number  = {Nov},
  pages   = {3011--3015},
}

@Book{Kocijan2016,
  title     = {Modelling and control of dynamic systems using Gaussian process models},
  publisher = {Springer},
  year      = {2016},
  author    = {Kocijan, Ju{\v{s}}},
}

@Book{Friedman2001,
  title     = {The elements of statistical learning},
  publisher = {Springer series in statistics Springer, Berlin},
  year      = {2001},
  author    = {Friedman, Jerome and Hastie, Trevor and Tibshirani, Robert},
  volume    = {1},
}

@InProceedings{Berkenkamp2015,
  author       = {Berkenkamp, Felix and Schoellig, Angela P},
  title        = {Safe and robust learning control with Gaussian processes},
  booktitle    = {Control Conference (ECC), 2015 European},
  year         = {2015},
  pages        = {2496--2501},
  organization = {IEEE},
}

@Article{Desaraju2016,
  author  = {Desaraju, Vishnu R and Michael, Nathan},
  title   = {Experience-driven Predictive Control},
  journal = {Robot Learning and Planning (RLP 2016)},
  year    = {2016},
  pages   = {29},
}

@Article{Bojarski2016,
  author  = {Bojarski, Mariusz and Del Testa, Davide and Dworakowski, Daniel and Firner, Bernhard and Flepp, Beat and Goyal, Prasoon and Jackel, Lawrence D and Monfort, Mathew and Muller, Urs and Zhang, Jiakai and others},
  title   = {End to end learning for self-driving cars},
  journal = {arXiv preprint arXiv:1604.07316},
  year    = {2016},
}

@Article{Sturzenegger2016,
  author    = {Sturzenegger, David and Gyalistras, Dimitrios and Morari, Manfred and Smith, Roy S},
  title     = {Model Predictive Climate Control of a Swiss Office Building: Implementation, Results, and Cost--Benefit Analysis},
  journal   = {IEEE Transactions on Control Systems Technology},
  year      = {2016},
  volume    = {24},
  number    = {1},
  pages     = {1--12},
  publisher = {IEEE},
}

@Article{vzavcekova2014,
  author    = {{\v{Z}}{\'a}{\v{c}}ekov{\'a}, Eva and V{\'a}{\v{n}}a, Zden{\v{e}}k and Cigler, Ji{\v{r}}{\'\i}},
  title     = {Towards the real-life implementation of {MPC} for an office building: Identification issues},
  journal   = {Applied Energy},
  year      = {2014},
  volume    = {135},
  pages     = {53--62},
  publisher = {Elsevier},
}

@Article{Krause2008,
  author        = {Krause, Andreas and Singh, Ajit and Guestrin, Carlos},
  title         = {Near-optimal sensor placements in Gaussian processes: Theory, efficient algorithms and empirical studies},
  journal       = {Journal of Machine Learning Research},
  year          = {2008},
  volume        = {9},
  number        = {Feb},
  pages         = {235--284},
  __markedentry = {[Achin:]},
}

@Article{Emery1998,
  author        = {Emery, AF and Nenarokomov, Aleksey V},
  title         = {Optimal experiment design},
  journal       = {Measurement Science and Technology},
  year          = {1998},
  volume        = {9},
  number        = {6},
  pages         = {864},
  __markedentry = {[Achin:6]},
  publisher     = {IOP Publishing},
}

@Article{Fedorov2010,
  author        = {Fedorov, Valerii},
  title         = {Optimal experimental design},
  journal       = {Wiley Interdisciplinary Reviews: Computational Statistics},
  year          = {2010},
  volume        = {2},
  number        = {5},
  pages         = {581--589},
  __markedentry = {[Achin:6]},
  publisher     = {Wiley Online Library},
}

@Comment{jabref-meta: databaseType:bibtex;}
